@article
{test,
    author={},
    title={test},
    year={2022},
}
